<?xml version="1.0" encoding="UTF-8"?><record xmlns="http://www.loc.gov/MARC21/slim" xmlns:cinclude="http://apache.org/cocoon/include/1.0" xmlns:zs="http://www.loc.gov/zing/srw/">
  <leader>00401cz  a2200133n  4500</leader>
  <controlfield tag="001">n  99004068 </controlfield>
  <controlfield tag="003">DLC</controlfield>
  <controlfield tag="005">19990119112146.4</controlfield>
  <controlfield tag="008">990119n| acannaab|          |a aaa |||  </controlfield>
  <datafield tag="010" ind1=" " ind2=" ">
    <subfield code="a">n  99004068 </subfield>
  </datafield>
  <datafield tag="040" ind1=" " ind2=" ">
    <subfield code="a">DLC</subfield>
    <subfield code="c">DLC</subfield>
    <subfield code="d">DLC</subfield>
  </datafield>
  <datafield tag="100" ind1="1" ind2="0">
    <subfield code="a">Freeman, Rich,</subfield>
    <subfield code="d">1949-</subfield>
  </datafield>
  <datafield tag="400" ind1="1" ind2="0">
    <subfield code="a">Freeman, Richard Earl,</subfield>
    <subfield code="d">1949-</subfield>
  </datafield>
  <datafield tag="670" ind1=" " ind2=" ">
    <subfield code="a">Bruce Trail, c1998:</subfield>
    <subfield code="b">t.p. (Rich Freeman) t.p. verso (Richard Earl Freeman; b. Mar. 13, 1949)</subfield>
  </datafield>
</record>